@article{Agarwal2003,
author = "Agarwal, V.  and del R\'{i}o,J. A. ",
title = "Tailoring the photonic band gap of a porous silicon dielectric mirror",
journal = "Appl. Phys. Lett.",
volume = "82",
number = "10",
pages = "1512-1514",
year = "2003",
doi = "10.1063/1.1559420",
URL = " https://doi.org/10.1063/1.1559420",
}
@article{Agarwal2018,
author = "T.V.K. Karthik and L. Martinez and V. Agarwal",
title = {Porous silicon {ZnO/SnO$_{2}$} structures for {CO$_{2}$} detection},
journal = "J. Alloy Compd.",
volume = "731",
pages = "853 - 863",
year = "2018",
issn = "0925-8388",
doi = "https://doi.org/10.1016/j.jallcom.2017.10.070",
url = "http://www.sciencedirect.com/science/article/pii/S0925838817334849"
}

@article{Antunez2014,
title = "Formation of photoluminescent n-type macroporous silicon: Effect of magnetic field and lateral electric potential",
journal = "Physica B",
volume = "453",
pages = "34 - 39",
year = "2014",
note = "Low-Dimensional Semiconductor Structures - A part of the XXII International Material Research Congress (IMRC 2013)",
issn = "0921-4526",
doi = "https://doi.org/10.1016/j.physb.2014.03.092",
url = "http://www.sciencedirect.com/science/article/pii/S0921452614002701",
author = "E.E. Antunez and J.O. Estevez and J. Campos and M.A. Basurto-Pensado and V. Agarwal",
}

@article{Ariza2011,
author = "A. David,  Ariza-Flores and L. M., Gaggero-Sager and V., Agarwal",
title = "Effect of interface gradient on the optical properties of multilayered porous silicon photonic structures",
journal = "J. Phys. D: Appl. Phys.",
volume = "44",
number = "15",
pages = "155102",
year = "2011",
doi = "10.1088/0022-3727/44/15/155102",
url = "https://doi.org/10.1088/0022-3727/44/15/155102"
}

@article{Ariza2012,
author = "Ariza-Flores,A. David  and Gaggero-Sager,L. M.  and Agarwal,V. ",
title = "White metal-like omnidirectional mirror from porous silicon dielectric multilayers",
journal = "Appl. Phys. Lett.",
volume = "101",
number = "3",
pages = "031119",
year = "2012",
doi = "10.1063/1.4738765",
URL = "https://doi.org/10.1063/1.4738765"
}

@article{Ariza2014,
title = "Design and optimization of antireflecting coatings from nanostructured porous silicon dielectric multilayers",
journal = "Sol. Energ. Mat. Sol. C.",
volume = "123",
pages = "144 - 149",
year = "2014",
issn = "0927-0248",
doi = "https://doi.org/10.1016/j.solmat.2014.01.019",
url = "http://www.sciencedirect.com/science/article/pii/S0927024814000336",
author = "D. Ariza-Flores and J.S. P\'erez-Huerta and Yogesh Kumar and A. Encinas and V. Agarwal"
}

@article{Bird1983,
	title = "Terrestrial solar spectral data sets",
	journal = "Solar Energy",
	volume = "30",
	number = "6",
	pages = "563-573",
	year = "1983",
	issn = "0038-092X",
	doi = "10.1016/0038-092X(83)90068-3",
	url = "http://www.sciencedirect.com/science/article/pii/0038092X83900683",
	author = "R.E. Bird and R.L. Hulstrom and L.J. Lewis"
}

@article{Bruyant2003,
author = "Bruyant,A.  and L\'{e}rondel,G.  and Reece,P. J.  and Gal,M. ",
title = "All-silicon omnidirectional mirrors based on one-dimensional photonic crystals",
journal = "Appl. Phys. Lett.",
volume = "82",
number = "19",
pages = "3227-3229",
year = "2003",
doi = "10.1063/1.1574403",
URL = "https://doi.org/10.1063/1.1574403"
}

@article{Canham1990,
title = "Silicon quantum wire array fabrication by electrochemical and chemical dissolution of wafers",
volume = "57",
issn = "0003-6951",
url = "https://aip.scitation.org/doi/10.1063/1.103561",
doi = "10.1063/1.103561",
number = "10",
urldate = "2020-12-06",
journal = "Appl. Phys. Lett.",
author = "Canham, L. T.",
year = "1990",
note = "Publisher: American Institute of Physics",
pages = "1046--1048"
}

@article{Chavez2020,
author = "Chavez-Castillo,B. A.  and P\'{e}rez-Huerta,J. S.  and Madrigal-Melchor,J.  and Amador-Alvarado,S.  and Sustaita-Torres,I. A.  and Agarwal,V.  and Ariza-Flores,D. ",
title = "A wide band porous silicon omnidirectional mirror for the near infrared range",
journal = "J. Appl. Phys.",
volume = "127",
number = "20",
pages = "203106",
year = "2020",
doi = "10.1063/1.5144621",
URL = " https://doi.org/10.1063/1.5144621"
}

@article{Chen1999,
author = "Chen,Kevin M.  and Sparks,Andrew W.  and Luan,Hsin-Chiao  and Lim,Desmond R.  and Wada,Kazumi  and Kimerling,Lionel C. ",
title = {{SiO$_{2}$/TiO$_{2}$} omnidirectional reflector and microcavity resonator via the sol-gel method},
journal = "Appl. Phys. Lett.",
volume = "75",
number = "24",
pages = "3805-3807",
year = "1999",
doi = "10.1063/1.125462",
URL = "https://doi.org/10.1063/1.125462"
}

@article{Cheng2018,
author = "Cheng,Yu-Chieh  and Staliunas,Kestutis ",
title = "Near-field flat focusing mirrors",
journal = "Appl. Phys. Rev.",
volume = "5",
number = "1",
pages = "011101",
year = "2018",
doi = "10.1063/1.5022069",
URL = "https://doi.org/10.1063/1.5022069"
	}

@article{DeCorby2005,
author = "R. G. DeCorby and H. T. Nguyen and P. K. Dwivedi and T. J. Clement",
journal = "Opt. Express",
number = "16",
pages = "6228-6233",
publisher = "OSA",
title = "Planar omnidirectional reflectors in chalcogenide glass and polymer",
volume = "13",
year = "2005",
url = "http://www.opticsexpress.org/abstract.cfm?URI=oe-13-16-6228",
doi = "10.1364/OPEX.13.006228",
}

@article{DelRio2018,
author = "Estrada-Wiese, D. and Del R\'{i}o, Jesus and del Rio-Chanona, Ehecatl",
year = "2018",
pages = "1193",
title = "Stochastic optimization of broadband reflecting photonic structures",
volume = "8",
journal = "Sci. Rep.-UK",
doi = "10.1038/s41598-018-19613-6",
URL = "https://doi.org/10.1038/s41598-018-19613-6"
}

@article{Escorcia2007,
author = "J., Escorcia and V., Agarwal",
title = "Effect of duty cycle and frequency on the morphology of porous silicon formed by alternating square pulse anodic etching",
journal = "Phys. Stat. Sol.",
volume = "4",
number = "6",
pages = "2039-2043",
year = "2007",
doi = "10.1002/pssc.200674361",
url = "https://onlinelibrary.wiley.com/doi/abs/10.1002/pssc.200674361"
}

@article{Estevez2005,
author = "J. O., Estevez and J., Arriaga and A, M\'{e}ndez Blas and V., Agarwal",
title = "Omnidirectional photonic bandgaps in porous silicon based mirrors with a Gaussian profile refractive index",
journal = "Appl. Phys. Lett.",
volume = "93",
number = "19",
pages = "191915",
year = "2008",
doi = "10.1063/1.3028073",
URL ="https://doi.org/10.1063/1.3028073"
}

@article{Estevez2009,
author = "Estevez,J. O.  and Arriaga,J.  and M\'endez Blas,A.  and Agarwal,V. ",
title = "Enlargement of omnidirectional photonic bandgap in porous silicon dielectric mirrors with a Gaussian profile refractive index",
journal = "Appl. Phys. Lett.",
volume = "94",
number = "6",
pages = "061914",
year = "2009",
doi = "10.1063/1.3081113",
URL = "https://doi.org/10.1063/1.3081113"
}

@article{Estrada2018,
title = "Refractive index evaluation of porous silicon using bragg reflectors",
journal = "Rev. Mex. F\'{i}s.",
author = "Estrada-Wiese, D. and R\'{i}o, J.A. del",
ISSN = "0035-001X",
language = "en",
URL = "http://www.scielo.org.mx/scielo.php?script=sci_arttext&pid=S0035-001X2018000100072&nrm=iso",
volume = "64",
year = "2018",
month = "02",
pages = "72-81",
publisher = "scielomx"
}

@article{Giusseppe2011,
author = "Ruminski, Anne M. and Barillaro, Giuseppe and Chaffin, Charles and Sailor, Michael J.",
title = {Internally Referenced Remote Sensors for {HF} and {Cl$_{2}$} Using Reactive Porous Silicon Photonic Crystals},
journal = "Adv. Funct. Mat.",
volume = "21",
number = "8",
year  = "2011",
pages = "1511-1525",
keywords = "Sensors, Photonic crystals, Nanostructures, Porous silicon",
doi = "10.1002/adfm.201002037",
url = "https://onlinelibrary.wiley.com/doi/abs/10.1002/adfm.201002037"
}

@article{Goyal2018,
author = "Amit Kumar Goyal and Hemant Sankar Dutta and Suchandan Pal",
title = "Porous photonic crystal structure for sensing applications ",
volume = "12",
journal = "J. Nanophotonics",
number = "4",
publisher = "SPIE",
pages = "1--7",
year = "2018",
doi = "10.1117/1.JNP.12.040501",
URL = "https://doi.org/10.1117/1.JNP.12.040501"
}

@ARTICLE{Hussel1997,
author = "C. P. Hussell and R. V. Ramaswamy ",
journal = "IEEE Photonic Tech. L.",
title = {High-index overlay for high reflectance {DBR} gratings in {LiNbO$_{3}$} channel waveguides},
year = "1997",
volume = "9",
number = "5",
pages = "636-638",
}

@article{Jena2019,
title = {Influence of oxygen partial pressure on microstructure, optical properties, residual stress and laser induced damage threshold of amorphous {HfO$_{2}$} thin films},
volume = {771},
issn = {0925-8388},
url = {http://www.sciencedirect.com/science/article/pii/S0925838818332250},
doi = {10.1016/j.jallcom.2018.08.327},
language = {en},
urldate = {2020-12-06},
journal = {J. Alloy Compd.},
author = {Jena, S. and Tokas, R. B. and Tripathi, S. and Rao, K. D. and Udupa, D. V. and Thakur, S. and Sahoo, N. K.},
year = {2019},
pages = {373--381}
}

@article{Jimenez2020,
author = "Jimenez Vivanco, Mar\'{i}a and Garc\'{i}a, Godofredo and Carrillo, Jes\'{u}s and Agarwal, Vivechana and D\'{i}az-Becerril, Tom\'{a}s and Doti, Rafael and Faubert, Jocelyn and Lugo, Eduardo",
year = "2020",
month = "12",
pages = "2220",
title = {Porous {Si-SiO$_{2}$} based {UV} {Microcavities}},
volume = "10",
journal = "Sci. Rep.-UK",
doi = "10.1038/s41598-020-59001-7",
URL = "https://doi.org/10.1038/s41598-020-59001-7"
}

@BOOK{Joannopoulos2008,
author = "John D. Joannopoulos and Steven G. Johnson and Joshua N. Winn and Robert D. Meade",
year = "2008",
title = {Optical {Waves} in {Layered} {Media} {Photonic} {Crystals:} {Molding} the {Flow} of {Light}},
edition = "2nd",
publisher = "Princeton University Press",
address = "New Jersey"
}

@book{PerezA2004,
	author = {Perez-Alvarez, Rolando and Garc\'{\i}a-Moliner, F.},
	year = {2004},
	month = {01},
	pages = {},
	title = {Transfer matrix, Green Function and related techniques: Tools for the study of multilayer heterostructures},
	isbn = {978-84-8021-472-8},
	publisher = {Universitat Jaume I},
	address = {Espa\~na}
}

@BOOK{Pochi2005,
	author = {Pochi Yeh},
	year = 2005,
	title = {Optical Waves in Layered Media},
	note = {},
	edition = "2nd",
	publisher = {Wiley},
	address = {USA}
}

@INPROCEEDINGS{Kozar2017,
author = "Anatoliy, Volokh and Marchenko, Sergey and Shestakov, Pavel",
year = "2017",
month = "06",
pages = "200-204",
booktitle ="2017 Days on Diffraction (DD)",
title = "Focusing and defocusing of reflected light beams from chirped dielectric layered structure",
doi = "10.1109/DD.2017.8168023"
}

@article{Kumar2020,
author = "Amit Kumar Goyal and Ajay Kumar",
title = {Recent advances and progresses in photonic devices for passive radiative cooling application: {A} review},
volume = "14",
journal = "J. Nanophotonic",
number = "3",
publisher = "SPIE",
pages = "1 -- 20",
year = "2020",
doi = "10.1117/1.JNP.14.030901",
URL = "https://doi.org/10.1117/1.JNP.14.030901"
}

@article{Lopez2003,
title = {Materials {Aspects} of {Photonic} {Crystals}},
volume = {15},
copyright = {Copyright © 2003 WILEY‐VCH Verlag GmbH \& Co. KGaA, Weinheim},
issn = {1521-4095},
doi = {https://doi.org/10.1002/adma.200300386},
language = {en},
number = {20},
urldate = {2020-12-06},
journal = {Adv. Mat.},
author = {L\'opez, C.},
year = {2003},
pages = {1679--1704}
}

@ARTICLE{Masaya2010,
author = "Notomi, Masaya",
title = "Manipulating light with strongly modulated photonic crystals",
journal = "Rep. Prog. Phys.",
year = 2010,
volume = "73",
number = "9",
eid = "096501",
pages = "096501",
doi = "10.1088/0034-4885/73/9/096501",
adsurl = "https://ui.adsabs.harvard.edu/abs/2010RPPh...73i6501N"
}

@article{Mochan1987,
author =  "W. Luis.,Moch\'{a}n and Marcelo.,del Castillo-Mussot and Rub\'{e}n G.,Barrera",
title =   "Effect of plasma waves on the optical properties of metal-insulator superlattices",
journal =  "Phys. Rev. B",
volume =       "35",
number =       "3",
pages =        "1088--1098",
year =         "1987",
doi = "10.1103/PhysRevB.35.1088",
url = "https://link.aps.org/doi/10.1103/PhysRevB.35.1088"
}

@article{Mochan1988,
title = "Optics of multilayered conducting systems: Normal modes of periodic superlattices",
author = "Moch\'{a}n, W. Luis and del Castillo Mussot, Marcelo",
journal = "Phys. Rev. B",
volume = "37",
issue = "12",
pages = "6763--6771",
numpages = "0",
year = "1988",
publisher = "American Physical Society",
doi = "10.1103/PhysRevB.37.6763",
url = "https://link.aps.org/doi/10.1103/PhysRevB.37.6763"
}

@article{Negro2003,
title = {Light {Transport} through the {Band}-{Edge} {States} of {Fibonacci} {Quasicrystals}},
author = "Dal Negro, Luca and Oton, Claudio J. and Gaburro, Zeno and Pavesi, Lorenzo and Johnson, Patrick and Lagendijk, Ad and Righini, Roberto and Colocci, Marcello and Wiersma, Diederik S.",
journal = "Phys. Rev. Lett.",
volume = "90",
issue = "5",
pages = "055501",
numpages = "4",
year = "2003",
publisher = "American Physical Society",
doi = "10.1103/PhysRevLett.90.055501",
url = "https://link.aps.org/doi/10.1103/PhysRevLett.90.055501"
}

@article{Ortiz2020,
title = {Rough {1D} photonic crystals: {A} transfer matrix approach},
journal = "Opt. Mater.",
volume = "109",
pages = "110012",
year = "2020",
issn = "0925-3467",
doi = "https://doi.org/10.1016/j.optmat.2020.110012",
url = "http://www.sciencedirect.com/science/article/pii/S0925346720303566",
author = "Leandro L. Missoni and Guillermo P. Ortiz and Mar\'{i}a Luz Mart\'{i}nez Ricci and Victor J. Toranzos and W. Luis Moch\'{a}n"
}

@article{Pap2006,
title = {Optical properties of porous silicon. {Part} {III:} {Comparison} of experimental and theoretical results},
journal = "Opt. Mater.",
volume = "28",
number = "5",
pages = "506-513",
year = "2006",
issn = "0925-3467",
doi = "https://doi.org/10.1016/j.optmat.2005.02.006",
url = "http://www.sciencedirect.com/science/article/pii/S0925346705001886",
author = {Andrea Edit Pap and Kriszti\'{a}n Kord\'{a}s and Jouko V\"{a}h\"{a}kangas and Antti Uusim\"{a}ki and Seppo Lepp\"{a}vuori and Laurent Pilon and S\'{a}ndor Szatm\'{a}ri}
}

@article{Park2003,
author = "Park,Yeonsang  and Roh,Young-Geun  and Cho,Chi-O  and Jeon,Heonsu  and Sung,Min Gyu  and Woo,J. C. ",
title = {{GaAs}-based near-infrared omnidirectional reflector},
journal = "Appl. Phys. Lett.",
volume = "82",
number = "17",
pages = "2770-2772",
year = "2003",
doi = "10.1063/1.1569045",
URL = "https://doi.org/10.1063/1.1569045"
}

@article{Pavesi2000,
title = "Porous silicon: a quantum sponge structure for silicon based optoelectronics",
journal = "Surf. Sci. Rep.",
volume = "38",
number = "1",
pages = "1 - 126",
year = "2000",
issn = "0167-5729",
doi = "https://doi.org/10.1016/S0167-5729(99)00012-6",
url = "http://www.sciencedirect.com/science/article/pii/S0167572999000126",
author = "O. Bisi and Stefano Ossicini and L. Pavesi"
}

@article{Perez2018,
author =  "J. S.,P\'{e}rez-Huerta and D., Ariza-Flores and R.,Castro-Garc\'{i}a and W. L., Moch\'{a}n and G. P., Ortiz and V., Agarwall",
title =   {Reflectivity of {1D} photonic crystals: {A} comparison of computational schemes with experimental results},
journal =  "Int. J. Mod. Phys. B",
volume =       "32",
number =       "11",
pages =        "1850136",
year =         "2018",
doi = "10.1142/S0217979218501369",
URL ="https://doi.org/10.1142/S0217979218501369"
}

@article{Puente2020,
title = "Stable calculation of optical properties of large non-periodic dissipative multilayered systems",
journal = "Superlattice Microst.",
volume = "145",
pages = "106629",
year = "2020",
issn = "0749-6036",
doi = "https://doi.org/10.1016/j.spmi.2020.106629",
url = "http://www.sciencedirect.com/science/article/pii/S0749603620307205",
author = "Luis Eduardo Puente-D\'{i}az and Victor Castillo-Gallardo and Guillermo P. Ortiz and Jos\'{e} Samuel P\'{e}rez-Huerta and H\'{e}ctor P\'{e}rez-Aguilar and Vivechana Agarwal and W. Luis Moch\'{a}n",
}

@article{Theiss1994,
title = {Probing {Optical} {Transitions} in {Porous} {Silicon} by {Reflectance} {Spectroscopy} in the {Near} {Infrared}, {Visible} and {UV}},
volume = "358",
DOI = "10.1557/PROC-358-435",
journal = "MRS Proceedings",
publisher = "Cambridge University Press",
author = "Thei\ss, W. and Arens-Fischer, R. and Arntzen, M. and Berger, M.G. and Frohnhoff, S. and Hilbrich, S. and Wernke, M.",
year = "1994",
pages = "435"
}

@article{Vincent1993,
author = "Vincent,G. ",
title = "Optical properties of porous silicon superlattices",
journal = "Appl. Phys. Lett.",
volume = "64",
number = "18",
pages = "2367-2369",
year = "1994",
doi = "10.1063/1.111982",
URL = " https://doi.org/10.1063/1.111982",
}

@article{Xifre2005,
author = "E., Xifr\'{e}-P\'{e}rez and L. F., Marsal and J., Pallar\'{e}s and J., Ferr\'{e}-Borrull",
title = "Porous silicon mirrors with enlarged omnidirectional band gap",
journal = "J. Appl. Phys.",
volume = "97",
number = "6",
pages = "064503",
year = "2005",
doi = "10.1063/1.1866497",
URL = " https://doi.org/10.1063/1.1866497"
}

@article{Xifre2009,
author = "Xifr\'{e}-P\'{e}rez, E. and Marsal, L. F. and Ferr\'{e}-Borrull, J. and Pallar\'{e}s, J.",
title = "Low refractive index contrast porous silicon omnidirectional reflectors ",
volume = "95",
journal = "Appl. Phys. B",
number = "1",
pages = "169-172",
year = "2009",
doi = "10.1007/s00340-009-3416-0",
URL = "https://doi.org/10.1007/s00340-009-3416-0"
}

@incollection{Xifre2015,
address = {Cham},
series = {Springer {Series} in {Materials} {Science}},
title = {Methods, {Properties} and {Applications} of {Porous} {Silicon}},
isbn = {978-3-319-20346-1},
url = {https://doi.org/10.1007/978-3-319-20346-1_2},
urldate = {2020-12-06},
booktitle = {Electrochemically {Engineered} {Nanoporous} {Materials}: {Methods}, {Properties} and {Applications}},
publisher = {Springer International Publishing},
author = {Xifr\'e-P\'erez, Elisabet and Ferr\'e-Borrull, Josep and Pallar\'es, Josep and Marsal, Llu\'{\i}s F.},
editor = {Losic, Dusan and Santos, Abel},
year = {2015},
doi = {10.1007/978-3-319-20346-1_2},
keywords = {Anodization Time, Electrochemical Etching, Porous Silicon, Porous Silicon Layer, Silicon Substrate},
pages = {37--63}
}

@article{Zipock1997,
author = {Szip\"{o}cs, R. and Koh\'{a}zi-Kis, A.},
title = "Theory and design of chirped dielectric laser mirrors ",
volume = "65",
journal = "Appl. Phys. B",
number = "2",
pages = "115--135",
year = "1997",
doi = "10.1007/s003400050258",
URL = "https://doi.org/10.1007/s003400050258"
}

@article{minuit,
author = "James, F.",
title = "{MINUIT Function Minimization and Error Analysis:  Reference Manual Version 94.1}",
reportNumber = "CERN-D-506, CERN-D506",
year = "1994",
journal ="CERN Program Library Long Writeup D506",
}

@article{Wu2021,
	author = {Wu, F. and Lyu, K. and Hu, S. and Yao, M. and Xiao, S.},
	title = "Ultra-large omnidirectional photonic band gaps in one-dimensional ternary photonic crystals composed of plasma, dielectric and hyperbolic metamaterial",
	volume = "111",
	journal = "Opt. Mater.",
	pages = "110680",
	year = "2021",
	doi = "10.1016/j.optmat.2020.110680",
	URL = "https://doi.org/10.1016/j.optmat.2020.110680"
}


@Misc{PDL1997,
  author = 	 {K. Glazebrook and J. Brinchmann and J. Cerney, C. DeForest and D. Hunt and T. Jenness and T. Lukka and R. Schwebel and C. Soeller},
  title = 	 {Perl Data Language (PDL)},
  howpublished = {Dr. Doobs Journal (online) \url{https://www.drdobbs.com/pdl-the-perl-data-language/184410442}},
  year = 	 1997,
  card-date = {Tue Apr 27 20:39:02 2021},
  url = 	 {https://www.drdobbs.com/pdl-the-perl-data-language/184410442},
}


online{PDL1997,
	author = {K. Glazebrook and J. Brinchmann and J. Cerney, C. DeForest and D. Hunt and T. Jenness and T. Lukka and R. Schwebel and C. Soeller},
	title = {{Perl Data Language (PDL)}},
	year = 1997,
	url={https://www.drdobbs.com/pdl-the-perl-data-language/184410442},
	urldate = {2010-09-30}
}
@article{Xu2018,
	doi = {10.1088/1748-0221/13/09/p09016},
	url = {https://doi.org/10.1088/1748-0221/13/09/p09016},
	year = 2018,
	publisher = {{IOP} Publishing},
	volume = {13},
	number = {09},
	pages = {P09016-P09016},
	author = {J. Xu and Q. Sun and Z. Wu and L. Guo and S. Xie and Q. Huang and Q. Peng},
	title = {Development of broad-band high-reflectivity multilayer film for positron emission tomography system},
	journal = {Journal of Instrumentation}
}

@article{Ahmed2014,
	author = {Ahmed, Kamal and Khan, A and Rauf, A and Gul, Amir},
	year = {2014},
	pages = {012016},
	title = {Multilayer dielectric narrow band mangin mirror},
	volume = {60},
	journal = {IOP Conference Series: Materials Science and Engineering},
	doi = {10.1088/1757-899X/60/1/012016}
}

@inproceedings{Reiner2000,
	author = {Reiner Dietsch and Stefan Braun and Thomas Holz and Hermann Mai and Roland Scholz and Lutz Bruegemann},
	title = {{Multilayer x-ray optics for energies E > 8 keV and their application in x-ray analysis}},
	volume = {4144},
	booktitle = {Advances in Laboratory-based X-Ray Sources and Optics},
	editor = {Carolyn A. MacDonald and Ali M. Khounsary},
	organization = {International Society for Optics and Photonics},
	publisher = {SPIE},
	pages = {137 -- 147},
	keywords = {X-ray mirror, G\"obel Mirror, parallel beam X-ray optics, PLD (Pulsed Laser Deposition), XRR ( X-ray r},
	year = {2000},
	doi = {10.1117/12.405887},
	URL = {https://doi.org/10.1117/12.405887}
}

@article {Fink1998,
	author = {Fink, Yoel and Winn, Joshua N. and Fan, Shanhui and Chen, Chiping and Michel, Jurgen and Joannopoulos, John D. and Thomas, Edwin L.},
	title = {A Dielectric Omnidirectional Reflector},
	volume = {282},
	number = {5394},
	pages = {1679-1682},
	year = {1998},
	doi = {10.1126/science.282.5394.1679},
	publisher = {American Association for the Advancement of Science},
	issn = {0036-8075},
	URL = {https://science.sciencemag.org/content/282/5394/1679},
	eprint = {https://science.sciencemag.org/content/282/5394/1679.full.pdf},
	journal = {Science}
}
